<collection xmlns="http://www.loc.gov/MARC21/slim">
<record>
  <leader>01211nam0a22002531i 450 </leader>
  <controlfield tag="001">IT\ICCU\CNCE\063227</controlfield>
  <controlfield tag="005">20060117000000.0</controlfield>
  <datafield tag="012" ind1=" " ind2=" ">
    <subfield code="a">doni 49s- r-iu sopo (3) 1568 (R)</subfield>
    <subfield code="2">fei</subfield>
  </datafield>
  <datafield tag="100" ind1=" " ind2=" ">
    <subfield code="a">20051221d1568        0itac0103    ba</subfield>
  </datafield>
  <datafield tag="101" ind1=" " ind2=" ">
    <subfield code="a">ITA</subfield>
  </datafield>
  <datafield tag="102" ind1=" " ind2=" ">
    <subfield code="a">IT</subfield>
  </datafield>
  <datafield tag="200" ind1="1" ind2=" ">
    <subfield code="a">Specchio della vita humana nel quale si contiene il Libro della contemplazione, &amp; Il manuale de diuerse orationi/ composto dal R. P. F. Luigi di Granata ...</subfield>
  </datafield>
  <datafield tag="205" ind1=" " ind2=" ">
    <subfield code="a">E nuouamente tradotto di di (sic) spagnuolo in italiano dal Signor Giovanni Miranda...</subfield>
  </datafield>
  <datafield tag="210" ind1=" " ind2=" ">
    <subfield code="a">In Vinegia</subfield>
    <subfield code="c">appresso Gabriel Giolito De&apos; Ferrari,1568</subfield>
  </datafield>
  <datafield tag="215" ind1=" " ind2=" ">
    <subfield code="a">!12? c., 408 p.</subfield>
    <subfield code="d">12</subfield>
  </datafield>
  <datafield tag="300" ind1=" " ind2=" ">
    <subfield code="a">ANNULLATA  !!!!   vedi 49700((Segn.: *12, A-R12. - Iniz. e fregi inc. -Rom., cors</subfield>
  </datafield>
  <datafield tag="620" ind1=" " ind2=" ">
    <subfield code="a">IT</subfield>
    <subfield code="d">Venezia</subfield>
  </datafield>
  <datafield tag="700" ind1=" " ind2="0">
    <subfield code="a">Luis</subfield>
    <subfield code="c"> : de#Granada</subfield>
    <subfield code="3">IT\ICCU\CNCA\006726</subfield>
  </datafield>
  <datafield tag="712" ind1="0" ind2="2">
    <subfield code="a">s.n.</subfield>
    <subfield code="3">IT\ICCU\CNCT\000002</subfield>
    <subfield code="4">650</subfield>
  </datafield>
  <datafield tag="790" ind1=" " ind2="1">
    <subfield code="a">Granada,</subfield>
    <subfield code="b">Luis de</subfield>
    <subfield code="3">IT\ICCU\CNCA\014258</subfield>
    <subfield code="z">Luis : de#Granada</subfield>
  </datafield>
  <datafield tag="790" ind1=" " ind2="0">
    <subfield code="a">Ludovicus</subfield>
    <subfield code="c"> : Granatensis</subfield>
    <subfield code="3">IT\ICCU\CNCA\021326</subfield>
    <subfield code="z">Luis : de#Granada</subfield>
  </datafield>
  <datafield tag="801" ind1=" " ind2="3">
    <subfield code="a">IT</subfield>
    <subfield code="b">ICCU</subfield>
    <subfield code="c">20201115</subfield>
  </datafield>
  <datafield tag="899" ind1=" " ind2=" ">
    <subfield code="a">Biblioteca del Seminario vescovile. Tortona</subfield>
    <subfield code="z">MUTILO</subfield>
    <subfield code="1">AL0101</subfield>
    <subfield code="2">TO0 GP</subfield>
  </datafield>
  <datafield tag="899" ind1=" " ind2=" ">
    <subfield code="a">Biblioteca Labronica Francesco Domenico Guerrazzi. Livorno</subfield>
    <subfield code="1">LI0011</subfield>
    <subfield code="2">LIA FA</subfield>
  </datafield>
</record>
</collection>
